@misc{ wiki,
	author = "{Wikipedia contributors}",
	title = "Dijkstra's algorithm --- {Wikipedia}{,} The Free Encyclopedia",
	year = "2019",
	howpublished = "\url{https://en.wikipedia.org/w/index.php?title=Dijkstra%27s_algorithm&oldid=931177808}",
	note = "[Online; accessed 26-December-2019]"
}