%% This BibTeX bibliography file was created using BibDesk.
%% https://bibdesk.sourceforge.io/

%% Created for Dogan, Erdal(AWF) at 2019-12-27 23:16:56 +0300 


%% Saved with string encoding Unicode (UTF-8) 



@article{dijkstra,
	Author = {Dijkstra, E.  W. },
	Da = {1959/12/01},
	Date-Added = {2019-12-27 23:16:36 +0300},
	Date-Modified = {2019-12-27 23:16:48 +0300},
	Doi = {10.1007/BF01386390},
	Id = {Dijkstra1959},
	Isbn = {0945-3245},
	Journal = {Numerische Mathematik},
	Number = {1},
	Pages = {269--271},
	Title = {A note on two problems in connexion with graphs},
	Ty = {JOUR},
	Url = {https://doi.org/10.1007/BF01386390},
	Volume = {1},
	Year = {1959},
	Bdsk-Url-1 = {https://doi.org/10.1007/BF01386390}}
